@inproceedings{GuhaSK10,
  author    = {Arjun Guha and
               Claudiu Saftoiu and
               Shriram Krishnamurthi},
  title     = {The Essence of {JavaScript}},
  booktitle = {ECOOP},
  year      = {2010},
  pages     = {126-150}
}

@inproceedings{LernerPGK13,
  author    = {Benjamin S. Lerner and
               Joe Gibbs Politz and
               Arjun Guha and
               Shriram Krishnamurthi},
  title     = {{TeJaS}: retrofitting type systems for {JavaScript}},
  booktitle = {DLS},
  year      = {2013},
  pages     = {1-16}
}

@inproceedings{GuhaSK11,
  author    = {Arjun Guha and
               Claudiu Saftoiu and
               Shriram Krishnamurthi},
  title     = {Typing Local Control and State Using Flow Analysis},
  booktitle = {ESOP},
  year      = {2011},
  pages     = {256-275}
}

@inproceedings{GuhaFLS11,
  author    = {Arjun Guha and
               Matthew Fredrikson and
               Benjamin Livshits and
               Nikhil Swamy},
  title     = {Verified Security for Browser Extensions},
  booktitle = {32nd IEEE Symposium on Security and Privacy},
  year      = {2011},
  pages     = {115-130}
}

@inproceedings{CarliniFW12,
  author    = {Nicholas Carlini and
               Porter Felt, Adrienne and
               David Wagner},
  title     = {An Evaluation of the {G}oogle {C}hrome Extension Security Architecture},
  booktitle = {USENIX Security Symposium},
  year      = {2012},
  pages     = {97-111}
}

@inproceedings{CSP,
  author = {Mike West and Adam Barth and Dan Veditz},
  title  = {Content Security Policy ({CSP})},
  note   = {\url{https://w3c.github.io/webappsec/specs/content-security-policy/}}
}

@inproceedings{AkhaweSS12,
  author    = {Devdatta Akhawe and
               Prateek Saxena and
               Dawn Song},
  title     = {Privilege Separation in {HTML5} Applications},
  booktitle = {USENIX Security Symposium},
  year      = {2012},
  pages     = {429-444}
}

@inproceedings{LouwLV07,
  author    = {Ter Louw, Mike and
               Jin Soon Lim and
               V. N. Venkatakrishnan},
  title     = {Extensible Web Browser Security},
  booktitle = {4th International Conference on Detection of Intrusions and Malware, and Vulnerability Assessment (DIMVA)},
  year      = {2007},
  pages     = {1-19}
}

@inproceedings{DhawanG09,
  author    = {Mohan Dhawan and
               Vinod Ganapathy},
  title     = {Analyzing Information Flow in {J}ava{S}cript-Based Browser Extensions},
  booktitle = {ACSAC},
  year      = {2009},
  pages     = {382-391}
}

@inproceedings{HedinS12,
  author    = {Daniel Hedin and
               Andrei Sabelfeld},
  title     = {Information-Flow Security for a Core of {J}ava{S}cript},
  booktitle = {25th IEEE Computer Security Foundations Symposium (CSF)},
  year      = {2012},
  pages     = {3-18}
}

@inproceedings{KarimDGS12,
  author    = {Rezwana Karim and
               Mohan Dhawan and
               Vinod Ganapathy and
               Shan, Chung},
  title     = {An Analysis of the {M}ozilla {J}etpack Extension Framework},
  booktitle = {ECOOP},
  year      = {2012},
  pages     = {333-355}
}

@inproceedings{LiuZYC12,
  author    = {Lei Liu and
               Xinwen Zhang and
               Guanhua Yan and
               Songqing Chen},
  title     = {Chrome Extensions: Threat Analysis and Countermeasures},
  booktitle = {NDSS},
  year      = {2012}
}

@inproceedings{DaviDSW10,
  author    = {Lucas Davi and
               Alexandra Dmitrienko and
               Ahmad Reza Sadeghi and
               Marcel Winandy},
  title     = {Privilege Escalation Attacks on {A}ndroid},
  booktitle = {ISC},
  year      = {2010},
  pages     = {346-360}
}

@inproceedings{FeltWMHC11,
  author    = {Porter Felt, Adrienne and
               Helen J. Wang and
               Alexander Moshchuk and
               Steve Hanna and
               Erika Chin},
  title     = {Permission Re-Delegation: Attacks and Defenses},
  booktitle = {USENIX Security Symposium},
  year      = {2011}
}

@inproceedings{BarthFSB10,
  author    = {Adam Barth and
               Porter Felt, Adrienne and
               Prateek Saxena and
               Aaron Boodman},
  title     = {Protecting Browsers from Extension Vulnerabilities},
  booktitle = {NDSS},
  year      = {2010}
}

@inproceedings{FragkakiBJS12,
  author    = {Elli Fragkaki and
               Lujo Bauer and
               Limin Jia and
               David Swasey},
  title     = {Modeling and Enhancing {A}ndroid's Permission System},
  booktitle = {ESORICS},
  year      = {2012},
  pages     = {1-18}
}

@inproceedings{BugliesiCS13,
  author    = {Michele Bugliesi and
               Stefano Calzavara and
               Alvise Span{\`o}},
  title     = {Lintent: Towards Security Type-Checking of {A}ndroid Applications},
  booktitle = {FMOODS/FORTE},
  year      = {2013},
  pages     = {289-304}
}

@inproceedings{PolitzEGK11,
  author    = {Joe Gibbs Politz and
               Spiridon Aristides Eliopoulos and
               Arjun Guha and
               Shriram Krishnamurthi},
  title     = {ADsafety: Type-Based Verification of {J}ava{S}cript Sandboxing},
  booktitle = {USENIX Security Symposium},
  year      = {2011}
}

@inproceedings{JensenMT09,
  author    = {Simon Holm Jensen and
               Anders M{\o}ller and
               Peter Thiemann},
  title     = {Type Analysis for {J}ava{S}cript},
  booktitle = {SAS},
  year      = {2009},
  pages     = {238-255}
}

@inproceedings{MaffeisMT08,
  author    = {Sergio Maffeis and
               John C. Mitchell and
               Ankur Taly},
  title     = {An Operational Semantics for {J}ava{S}cript},
  booktitle = {APLAS},
  year      = {2008},
  pages     = {307-325}
}

@inproceedings{MaffeisT09,
  author    = {Sergio Maffeis and
               Ankur Taly},
  title     = {Language-Based Isolation of Untrusted {J}ava{S}cript},
  booktitle = {CSF},
  year      = {2009},
  pages     = {77-91}
}

@inproceedings{AustinF09,
  author    = {Thomas H. Austin and
               Cormac Flanagan},
  title     = {Efficient purely-dynamic information flow analysis},
  booktitle = {PLAS},
  year      = {2009},
  pages     = {113-124}
}

@inproceedings{JensenMT10,
  author    = {Simon Holm Jensen and
               Anders M{\o}ller and
               Peter Thiemann},
  title     = {Interprocedural Analysis with Lazy Propagation},
  booktitle = {SAS},
  year      = {2010},
  pages     = {320-339}
}

@inproceedings{BichhawatRGH14,
  author    = {Abhishek Bichhawat and
               Vineet Rajani and
               Deepak Garg and
               Christian Hammer},
  title     = {Information Flow Control in {W}ebKit's {J}ava{S}cript Bytecode},
  booktitle = {3rd International Conference on Principles of Security and Trust (POST)},
  year      = {2014},
  pages     = {159-178}
}

@inproceedings{CostantiniFC11,
  author    = {Giulia Costantini and
               Pietro Ferrara and
               Agostino Cortesi},
  title     = {Static Analysis of String Values},
  booktitle = {ICFEM},
  year      = {2011},
  pages     = {505-521}
}

@article{BandhakaviTPKMW11,
  author    = {Sruthi Bandhakavi and
               Nandit Tiku and
               Wyatt Pittman and
               Samuel T. King and
               P. Madhusudan and
               Marianne Winslett},
  title     = {Vetting browser extensions for security vulnerabilities with {VEX}},
  journal   = {Communications of the ACM},
  volume    = {54},
  number    = {9},
  year      = {2011},
  pages     = {91-99}
}

@article{NielsonN97,
  author    = {Flemming Nielson and
               Hanne Riis Nielson},
  title     = {Flow Logic and Operational Semantics},
  journal   = {Electronic Notes on Theoretical Computer Science},
  volume    = {10},
  year      = {1997},
  pages     = {150-169}
}

@article{Abadi99,
  author = {Mart\'{\i}n Abadi},
  title = {Secrecy by Typing in Security Protocols},
  journal = {J. {ACM}},
  volume = {46},
  year = {1999},
  pages = {749-786}
}

@article{BodeiBDNN05,
  author    = {Chiara Bodei and
               Mikael Buchholtz and
               Pierpaolo Degano and
               Flemming Nielson and
               Hanne Riis Nielson},
  title     = {Static validation of security protocols},
  journal   = {Journal of Computer Security},
  volume    = {13},
  number    = {3},
  year      = {2005},
  pages     = {347-390}
}

@article{NielsonNP12,
  author = {Hanne Riis Nielson and Flemming Nielson and Henrik Pilegaard},
  title = {Flow Logic for Process Calculi},
  journal = {ACM Computing Surveys},
  volume = {44},
  number = {1},
  year = {2012},
  pages = {1-39}
} 

@article{SaltzerS75,
  author    = {Jerome H. Saltzer and
               Michael D. Schroeder},
  title     = {The protection of information in computer systems},
  journal   = {Proceedings of the IEEE},
  volume    = {63},
  number    = {9},
  year      = {1975},
  pages     = {1278-1308}
}

@inproceedings{BugliesiCFK14,
  author    = {Michele Bugliesi and
               Stefano Calzavara and
               Riccardo Focardi and
               Wilayat Khan},
  title     = {Automatic and robust client-side protection for cookie-based sessions},
  booktitle = {ESSoS},
  year      = {2014},
  pages     = {161-178}
}

@inproceedings{BugliesiCFTK14,
 author = {Michele Bugliesi and Stefano Calzavara and Riccardo Focardi and Wilayat Khan and Mauro Tempesta},
 title = {Provably sound browser-based enforcement of web session integrity},
 booktitle = {CSF},
 year = {2014},
 pages = {366-380}
}

@inproceedings{PolitzCLPK12,
  author    = {Joe Gibbs Politz and
               Matthew J. Carroll and
               Benjamin S. Lerner and
               Justin Pombrio and
               Shriram Krishnamurthi},
  title     = {A tested semantics for getters, setters, and eval in JavaScript},
  booktitle = {DLS},
  year      = {2012},
  pages     = {1--16}
}

@inproceedings{RoesnerKW12,
  author    = {Franziska Roesner and
               Tadayoshi Kohno and
               David Wetherall},
  title     = {Detecting and Defending Against Third-Party Tracking on the Web},
  booktitle = {NSDI},
  year      = {2012},
  pages     = {155-168}
}

@book{NielsonNH99,
  author    = {Flemming Nielson and
               Hanne Riis Nielson and
               Chris Hankin},
  title     = {Principles of program analysis},
  publisher = {Springer},
  year      = {1999},
  isbn      = {978-3-540-65410-0},
  pages     = {I-XXI, 1-450}
}

@inproceedings{CalzavaraBCS15,
 author = {Stefano Calzavara and Michele Bugliesi and Silvia Crafa and Enrico Steffinlongo},
 title  = {Fine-grained detection of privilege escalation attacks on browser extensions (full version)},
 note   = {Available at \texttt{http://www.dais.unive.it/\textasciitilde calzavara/papers/esop15-full.pdf}}
}
